%% This BibTeX bibliography file was created using BibDesk.
%% http://bibdesk.sourceforge.net/


%% Created for Maurice Daverveldt at 2014-02-28 13:46:54 +0100 


%% Saved with string encoding Unicode (UTF-8) 



@book{John-L.-Hennessy:2009wq,
	Author = {John L. Hennessy, David A. Patterson},
	Date-Added = {2014-02-28 12:45:38 +0000},
	Date-Modified = {2014-02-28 12:46:35 +0000},
	Publisher = {Morgan Kaufmann},
	Title = {Computer Organization and Design},
	Year = {2009}}

@inbook{John-L.-Hennessy:2012bs,
	Author = {John L. Hennessy, David A. Patterson},
	Chapter = {Chapter Three: Intstruction-Level Parallelism and Its Exploitation},
	Date-Added = {2014-02-28 12:25:28 +0000},
	Date-Modified = {2014-02-28 12:29:10 +0000},
	Pages = {244},
	Publisher = {Morgan Kaufmann},
	Title = {Computer Architecture, A Quantitative Approach, Fifth edition},
	Year = {2012}}

@article{Wall:1993xy,
	Author = {David W. Wall},
	Date-Added = {2014-02-28 12:23:08 +0000},
	Date-Modified = {2014-02-28 12:24:21 +0000},
	Journal = {WRL Research Report},
	Month = {November},
	Pages = {73},
	Title = {Limits of Instruction-Level Parallelism},
	Year = {1993},
	Bdsk-File-1 = {YnBsaXN0MDDUAQIDBAUGJCVYJHZlcnNpb25YJG9iamVjdHNZJGFyY2hpdmVyVCR0b3ASAAGGoKgHCBMUFRYaIVUkbnVsbNMJCgsMDxJXTlMua2V5c1pOUy5vYmplY3RzViRjbGFzc6INDoACgAOiEBGABIAFgAdccmVsYXRpdmVQYXRoWWFsaWFzRGF0YV8QOkRvd25sb2Fkcy9XYWxsIExpbWl0cyBvZiBJbnN0cnVjdGlvbi1MZXZlbCBQYXJhbGxlbGlzbS5wZGbSFwsYGVdOUy5kYXRhTxECSgAAAAACSgACAAAMTWFjaW50b3NoIEhEAAAAAAAAAAAAAAAAAAAAyrlTdEgrAAAEfy3lH1dhbGwgTGltaXRzIG9mIEluc3QjNDhGMEMyOC5wZGYAAAAAAAAAAAAAAAAAAAAAAAAAAAAAAAAAAAAAAAAAAASPDCjPNj44AAAAAAAAAAAAAQADAAAJIAAAAAAAAAAAAAAAAAAAAAlEb3dubG9hZHMAABAACAAAyrk3VAAAABEACAAAzzYwKAAAAAEAGAR/LeUEfwWaA5MugAAFHv4ABR79AADAIwACAGtNYWNpbnRvc2ggSEQ6VXNlcnM6AG1hdXJpY2VkYXZlcnZlbGR0OgBEb2N1bWVudHM6AFRoZXNpczoATGFUZVg6AERvd25sb2FkczoAV2FsbCBMaW1pdHMgb2YgSW5zdCM0OEYwQzI4LnBkZgAADgBiADAAVwBhAGwAbAAgAEwAaQBtAGkAdABzACAAbwBmACAASQBuAHMAdAByAHUAYwB0AGkAbwBuAC0ATABlAHYAZQBsACAAUABhAHIAYQBsAGwAZQBsAGkAcwBtAC4AcABkAGYADwAaAAwATQBhAGMAaQBuAHQAbwBzAGgAIABIAEQAEgBpVXNlcnMvbWF1cmljZWRhdmVydmVsZHQvRG9jdW1lbnRzL1RoZXNpcy9MYVRlWC9Eb3dubG9hZHMvV2FsbCBMaW1pdHMgb2YgSW5zdHJ1Y3Rpb24tTGV2ZWwgUGFyYWxsZWxpc20ucGRmAAATAAEvAAAVAAIAGP//AACABtIbHB0eWiRjbGFzc25hbWVYJGNsYXNzZXNdTlNNdXRhYmxlRGF0YaMdHyBWTlNEYXRhWE5TT2JqZWN00hscIiNcTlNEaWN0aW9uYXJ5oiIgXxAPTlNLZXllZEFyY2hpdmVy0SYnVHJvb3SAAQAIABEAGgAjAC0AMgA3AEAARgBNAFUAYABnAGoAbABuAHEAcwB1AHcAhACOAMsA0ADYAyYDKAMtAzgDQQNPA1MDWgNjA2gDdQN4A4oDjQOSAAAAAAAAAgEAAAAAAAAAKAAAAAAAAAAAAAAAAAAAA5Q=}}

@mastersthesis{Seedorf:2011fj,
	Author = {Ro{\"e}l Seedorf},
	Date-Added = {2014-02-24 16:01:26 +0000},
	Date-Modified = {2014-02-24 16:02:52 +0000},
	School = {Technical university Delft},
	Title = {Fingerprint Verification on the VEX Processor},
	Year = {2011},
	Bdsk-File-1 = {YnBsaXN0MDDUAQIDBAUGJCVYJHZlcnNpb25YJG9iamVjdHNZJGFyY2hpdmVyVCR0b3ASAAGGoKgHCBMUFRYaIVUkbnVsbNMJCgsMDxJXTlMua2V5c1pOUy5vYmplY3RzViRjbGFzc6INDoACgAOiEBGABIAFgAdccmVsYXRpdmVQYXRoWWFsaWFzRGF0YV8QQ0Rvd25sb2Fkcy9TZWVkb3JmIEZpbmdlcnByaW50IFZlcmlmaWNhdGlvbiBvbiB0aGUgVkVYIFByb2Nlc3Nvci5wZGbSFwsYGVdOUy5kYXRhTxECZAAAAAACZAACAAAMTWFjaW50b3NoIEhEAAAAAAAAAAAAAAAAAAAAyrlTdEgrAAAEfy3lH1NlZWRvcmYgRmluZ2VycHJpbnQjNDFBOEM1Ni5wZGYAAAAAAAAAAAAAAAAAAAAAAAAAAAAAAAAAAAAAAAAAAAQajFbOYgKwAAAAAAAAAAAAAQADAAAJIAAAAAAAAAAAAAAAAAAAAAlEb3dubG9hZHMAABAACAAAyrk3VAAAABEACAAAzmHmkAAAAAEAGAR/LeUEfwWaA5MugAAFHv4ABR79AADAIwACAGtNYWNpbnRvc2ggSEQ6VXNlcnM6AG1hdXJpY2VkYXZlcnZlbGR0OgBEb2N1bWVudHM6AFRoZXNpczoATGFUZVg6AERvd25sb2FkczoAU2VlZG9yZiBGaW5nZXJwcmludCM0MUE4QzU2LnBkZgAADgB0ADkAUwBlAGUAZABvAHIAZgAgAEYAaQBuAGcAZQByAHAAcgBpAG4AdAAgAFYAZQByAGkAZgBpAGMAYQB0AGkAbwBuACAAbwBuACAAdABoAGUAIABWAEUAWAAgAFAAcgBvAGMAZQBzAHMAbwByAC4AcABkAGYADwAaAAwATQBhAGMAaQBuAHQAbwBzAGgAIABIAEQAEgByVXNlcnMvbWF1cmljZWRhdmVydmVsZHQvRG9jdW1lbnRzL1RoZXNpcy9MYVRlWC9Eb3dubG9hZHMvU2VlZG9yZiBGaW5nZXJwcmludCBWZXJpZmljYXRpb24gb24gdGhlIFZFWCBQcm9jZXNzb3IucGRmABMAAS8AABUAAgAY//8AAIAG0hscHR5aJGNsYXNzbmFtZVgkY2xhc3Nlc11OU011dGFibGVEYXRhox0fIFZOU0RhdGFYTlNPYmplY3TSGxwiI1xOU0RpY3Rpb25hcnmiIiBfEA9OU0tleWVkQXJjaGl2ZXLRJidUcm9vdIABAAgAEQAaACMALQAyADcAQABGAE0AVQBgAGcAagBsAG4AcQBzAHUAdwCEAI4A1ADZAOEDSQNLA1ADWwNkA3IDdgN9A4YDiwOYA5sDrQOwA7UAAAAAAAACAQAAAAAAAAAoAAAAAAAAAAAAAAAAAAADtw==}}

@manual{Joseph-A.-Fisher:2012rm,
	Author = {Joseph A. Fisher},
	Date-Added = {2014-02-24 13:20:33 +0000},
	Date-Modified = {2014-02-24 13:24:10 +0000},
	Howpublished = {pdf},
	Title = {The VEX System},
	Bdsk-File-1 = {YnBsaXN0MDDUAQIDBAUGJCVYJHZlcnNpb25YJG9iamVjdHNZJGFyY2hpdmVyVCR0b3ASAAGGoKgHCBMUFRYaIVUkbnVsbNMJCgsMDxJXTlMua2V5c1pOUy5vYmplY3RzViRjbGFzc6INDoACgAOiEBGABIAFgAdccmVsYXRpdmVQYXRoWWFsaWFzRGF0YV8QLURvd25sb2Fkcy9Kb3NlcGggQS4gRmlzaGVyIFRoZSBWRVggU3lzdGVtLnBkZtIXCxgZV05TLmRhdGFPEQIiAAAAAAIiAAIAAAxNYWNpbnRvc2ggSEQAAAAAAAAAAAAAAAAAAADKuVN0SCsAAAR/LeUfSm9zZXBoIEEuIEZpc2hlciBUaCM0NkE3REMwLnBkZgAAAAAAAAAAAAAAAAAAAAAAAAAAAAAAAAAAAAAAAAAABGp9wMlsohEAAAAAAAAAAAABAAMAAAkgAAAAAAAAAAAAAAAAAAAACURvd25sb2FkcwAAEAAIAADKuTdUAAAAEQAIAADJbJQBAAAAAQAYBH8t5QR/BZoDky6AAAUe/gAFHv0AAMAjAAIAa01hY2ludG9zaCBIRDpVc2VyczoAbWF1cmljZWRhdmVydmVsZHQ6AERvY3VtZW50czoAVGhlc2lzOgBMYVRlWDoARG93bmxvYWRzOgBKb3NlcGggQS4gRmlzaGVyIFRoIzQ2QTdEQzAucGRmAAAOAEgAIwBKAG8AcwBlAHAAaAAgAEEALgAgAEYAaQBzAGgAZQByACAAVABoAGUAIABWAEUAWAAgAFMAeQBzAHQAZQBtAC4AcABkAGYADwAaAAwATQBhAGMAaQBuAHQAbwBzAGgAIABIAEQAEgBcVXNlcnMvbWF1cmljZWRhdmVydmVsZHQvRG9jdW1lbnRzL1RoZXNpcy9MYVRlWC9Eb3dubG9hZHMvSm9zZXBoIEEuIEZpc2hlciBUaGUgVkVYIFN5c3RlbS5wZGYAEwABLwAAFQACABj//wAAgAbSGxwdHlokY2xhc3NuYW1lWCRjbGFzc2VzXU5TTXV0YWJsZURhdGGjHR8gVk5TRGF0YVhOU09iamVjdNIbHCIjXE5TRGljdGlvbmFyeaIiIF8QD05TS2V5ZWRBcmNoaXZlctEmJ1Ryb290gAEACAARABoAIwAtADIANwBAAEYATQBVAGAAZwBqAGwAbgBxAHMAdQB3AIQAjgC+AMMAywLxAvMC+AMDAwwDGgMeAyUDLgMzA0ADQwNVA1gDXQAAAAAAAAIBAAAAAAAAACgAAAAAAAAAAAAAAAAAAANf}}

@article{Anthony-Brandon:2013jk,
	Author = {Anthony Brandon, Stephan Wong},
	Date-Added = {2014-02-10 14:11:39 +0000},
	Date-Modified = {2014-02-10 14:12:23 +0000},
	Journal = {EDAA},
	Title = {Support for Dynamic Issue Width in VLIW Processors using Generic Binaries},
	Year = {2013},
	Bdsk-File-1 = {YnBsaXN0MDDUAQIDBAUGJCVYJHZlcnNpb25YJG9iamVjdHNZJGFyY2hpdmVyVCR0b3ASAAGGoKgHCBMUFRYaIVUkbnVsbNMJCgsMDxJXTlMua2V5c1pOUy5vYmplY3RzViRjbGFzc6INDoACgAOiEBGABIAFgAdccmVsYXRpdmVQYXRoWWFsaWFzRGF0YV8QRURvd25sb2Fkcy9BbnRob255IEJyYW5kb24gU3VwcG9ydCBmb3IgRHluYW1pYyBJc3N1ZSBXaWR0aCBpbiBWTElXLnBkZtIXCxgZV05TLmRhdGFPEQJqAAAAAAJqAAIAAAxNYWNpbnRvc2ggSEQAAAAAAAAAAAAAAAAAAADKuVN0SCsAAAR/LeUfQW50aG9ueSBCcmFuZG9uIFN1cCM0ODdCRTFELnBkZgAAAAAAAAAAAAAAAAAAAAAAAAAAAAAAAAAAAAAAAAAABIe+Hc8enIoAAAAAAAAAAAABAAMAAAkgAAAAAAAAAAAAAAAAAAAACURvd25sb2FkcwAAEAAIAADKuTdUAAAAEQAIAADPHo56AAAAAQAYBH8t5QR/BZoDky6AAAUe/gAFHv0AAMAjAAIAa01hY2ludG9zaCBIRDpVc2VyczoAbWF1cmljZWRhdmVydmVsZHQ6AERvY3VtZW50czoAVGhlc2lzOgBMYVRlWDoARG93bmxvYWRzOgBBbnRob255IEJyYW5kb24gU3VwIzQ4N0JFMUQucGRmAAAOAHgAOwBBAG4AdABoAG8AbgB5ACAAQgByAGEAbgBkAG8AbgAgAFMAdQBwAHAAbwByAHQAIABmAG8AcgAgAEQAeQBuAGEAbQBpAGMAIABJAHMAcwB1AGUAIABXAGkAZAB0AGgAIABpAG4AIABWAEwASQBXAC4AcABkAGYADwAaAAwATQBhAGMAaQBuAHQAbwBzAGgAIABIAEQAEgB0VXNlcnMvbWF1cmljZWRhdmVydmVsZHQvRG9jdW1lbnRzL1RoZXNpcy9MYVRlWC9Eb3dubG9hZHMvQW50aG9ueSBCcmFuZG9uIFN1cHBvcnQgZm9yIER5bmFtaWMgSXNzdWUgV2lkdGggaW4gVkxJVy5wZGYAEwABLwAAFQACABj//wAAgAbSGxwdHlokY2xhc3NuYW1lWCRjbGFzc2VzXU5TTXV0YWJsZURhdGGjHR8gVk5TRGF0YVhOU09iamVjdNIbHCIjXE5TRGljdGlvbmFyeaIiIF8QD05TS2V5ZWRBcmNoaXZlctEmJ1Ryb290gAEACAARABoAIwAtADIANwBAAEYATQBVAGAAZwBqAGwAbgBxAHMAdQB3AIQAjgDWANsA4wNRA1MDWANjA2wDegN+A4UDjgOTA6ADowO1A7gDvQAAAAAAAAIBAAAAAAAAACgAAAAAAAAAAAAAAAAAAAO/}}

@article{Lowney:1993qy,
	Author = {P. Geoffrey Lowney and Lowney, P. Geoffrey and Freudenberger, Stefan M. and Karzes, Thomas J. and Lichtenstein, W. D. and Nix, Robert P. and O'donnell, John S. and Ruttenberg, John C."},
	Date-Added = {2014-01-20 11:24:50 +0000},
	Date-Modified = {2014-01-20 11:24:50 +0000},
	Doi = {10.1.1.112.9778},
	Journal = {JOURNAL OF SUPERCOMPUTING},
	Pages = {51--142},
	Title = {The Multiflow Trace Scheduling Compiler},
	Volume = {7},
	Year = {1993},
	Bdsk-Url-1 = {http://citeseer.ist.psu.edu/viewdoc/summary?doi=10.1.1.112.9778}}

@article{Fisher:1983:VLI:1067651.801649,
	Acmid = {801649},
	Address = {New York, NY, USA},
	Author = {Fisher, Joseph A.},
	Date-Added = {2014-01-20 11:15:23 +0000},
	Date-Modified = {2014-01-20 11:15:23 +0000},
	Issn = {0163-5964},
	Issue_Date = {June 1983},
	Journal = {SIGARCH Comput. Archit. News},
	Month = jun,
	Number = {3},
	Numpages = {11},
	Pages = {140--150},
	Publisher = {ACM},
	Title = {Very Long Instruction Word Architectures and the ELI-512},
	Url = {http://dl.acm.org/citation.cfm?id=1067651.801649},
	Volume = {11},
	Year = {1983},
	Bdsk-Url-1 = {http://dl.acm.org/citation.cfm?id=1067651.801649}}

@misc{llvm:presentation,
	Author = {Chris Lattner},
	Date-Added = {2014-01-17 15:17:38 +0000},
	Date-Modified = {2014-02-10 14:14:12 +0000},
	Howpublished = {Presentation},
	Title = {The LLVM Compiler Framework and Infrastructure (Part 1)},
	Bdsk-File-1 = {YnBsaXN0MDDUAQIDBAUGJCVYJHZlcnNpb25YJG9iamVjdHNZJGFyY2hpdmVyVCR0b3ASAAGGoKgHCBMUFRYaIVUkbnVsbNMJCgsMDxJXTlMua2V5c1pOUy5vYmplY3RzViRjbGFzc6INDoACgAOiEBGABIAFgAdccmVsYXRpdmVQYXRoWWFsaWFzRGF0YV8QUkRvd25sb2Fkcy9PbGF0dW5qaSBSdXdhc2UgVGhlIExMVk0gQ29tcGlsZXIgRnJhbWV3b3JrIGFuZCBJbmZyYXN0cnVjdHVyZSAoUGFydC5wZGbSFwsYGVdOUy5kYXRhTxECkgAAAAACkgACAAAMTWFjaW50b3NoIEhEAAAAAAAAAAAAAAAAAAAAyrlTdEgrAAAEfy3lH09sYXR1bmppIFJ1d2FzZSBUaGUjNDdGMkUxNC5wZGYAAAAAAAAAAAAAAAAAAAAAAAAAAAAAAAAAAAAAAAAAAAR/LhTO/wi4AAAAAAAAAAAAAQADAAAJIAAAAAAAAAAAAAAAAAAAAAlEb3dubG9hZHMAABAACAAAyrk3VAAAABEACAAAzv76qAAAAAEAGAR/LeUEfwWaA5MugAAFHv4ABR79AADAIwACAGtNYWNpbnRvc2ggSEQ6VXNlcnM6AG1hdXJpY2VkYXZlcnZlbGR0OgBEb2N1bWVudHM6AFRoZXNpczoATGFUZVg6AERvd25sb2FkczoAT2xhdHVuamkgUnV3YXNlIFRoZSM0N0YyRTE0LnBkZgAADgCSAEgATwBsAGEAdAB1AG4AagBpACAAUgB1AHcAYQBzAGUAIABUAGgAZQAgAEwATABWAE0AIABDAG8AbQBwAGkAbABlAHIAIABGAHIAYQBtAGUAdwBvAHIAawAgAGEAbgBkACAASQBuAGYAcgBhAHMAdAByAHUAYwB0AHUAcgBlACAAKABQAGEAcgB0AC4AcABkAGYADwAaAAwATQBhAGMAaQBuAHQAbwBzAGgAIABIAEQAEgCBVXNlcnMvbWF1cmljZWRhdmVydmVsZHQvRG9jdW1lbnRzL1RoZXNpcy9MYVRlWC9Eb3dubG9hZHMvT2xhdHVuamkgUnV3YXNlIFRoZSBMTFZNIENvbXBpbGVyIEZyYW1ld29yayBhbmQgSW5mcmFzdHJ1Y3R1cmUgKFBhcnQucGRmAAATAAEvAAAVAAIAGP//AACABtIbHB0eWiRjbGFzc25hbWVYJGNsYXNzZXNdTlNNdXRhYmxlRGF0YaMdHyBWTlNEYXRhWE5TT2JqZWN00hscIiNcTlNEaWN0aW9uYXJ5oiIgXxAPTlNLZXllZEFyY2hpdmVy0SYnVHJvb3SAAQAIABEAGgAjAC0AMgA3AEAARgBNAFUAYABnAGoAbABuAHEAcwB1AHcAhACOAOMA6ADwA4YDiAONA5gDoQOvA7MDugPDA8gD1QPYA+oD7QPyAAAAAAAAAgEAAAAAAAAAKAAAAAAAAAAAAAAAAAAAA/Q=}}

@url{clang:features,
	Author = {Clang},
	Date-Added = {2014-01-17 14:58:54 +0000},
	Date-Modified = {2014-01-17 15:01:30 +0000},
	Keywords = {Clang LLVM Features},
	Lastchecked = {17-January-2014},
	Title = {Clang - Features and Goals},
	Urldate = {17-January-2014}}

@inproceedings{854391,
	Abstract = {Lx is a scalable and customizable VLIW processor technology platform designed by Hewlett-Packard and STMicroelectronics that allows variations in instruction issue width, the number and capabilities of structures and the processor instruction set. For Lx we developed the architecture and software from the beginning to support both scalability (variable numbers of identical processing resources) and customizability (special purpose resources). In this paper we consider the following issues. When is customization or scaling beneficial? How can one determine the right degree of customization or scaling for a particular application domain? What architectural compromises were made in the Lx project to contain the complexity inherent in a customizable and scalable processor family? The experiments described in the paper show that specialization for an application domain is effective, yielding large gains in price/performance ratio. We also show how scaling machine resources scales performance, although not uniformly across all applications. Finally we show that customization on an application-by-application basis is today still very dangerous and much remains to be done for it to become a viable solution.},
	Author = {Faraboschi, P. and Brown, G. and Fisher, J. and Desoll, G. and Homewood, F.},
	Booktitle = {Computer Architecture, 2000. Proceedings of the 27th International Symposium on},
	Date-Added = {2013-11-27 16:31:31 +0000},
	Date-Modified = {2013-11-27 16:31:31 +0000},
	Issn = {1063-6897},
	Keywords = {embedded systems;parallel architectures;Lx;VLIW processor technology;application domain;customizable VLIW embedded processing;instruction issue width;scalable processor;technology platform},
	Pages = {203-213},
	Title = {Lx: a technology platform for customizable VLIW embedded processing},
	Year = {2000}}

@book{Joseph-A.-Fisher:2005cr,
	Author = {Joseph A. Fisher, Paolo Faraboschi, Cliff Young},
	Date-Added = {2013-11-27 16:25:10 +0000},
	Date-Modified = {2013-11-27 16:27:28 +0000},
	Publisher = {Elsevier},
	Title = {Embedded computing: A VLIW Approach to Architecture, Compilers and Tools},
	Year = {2005},
	Bdsk-File-1 = {YnBsaXN0MDDUAQIDBAUGJCVYJHZlcnNpb25YJG9iamVjdHNZJGFyY2hpdmVyVCR0b3ASAAGGoKgHCBMUFRYaIVUkbnVsbNMJCgsMDxJXTlMua2V5c1pOUy5vYmplY3RzViRjbGFzc6INDoACgAOiEBGABIAFgAdccmVsYXRpdmVQYXRoWWFsaWFzRGF0YV8QXC4uL1RoZXNpcy9Eb3dubG9hZHMvSm9zZXBoIEEuIEZpc2hlciBFbWJlZGRlZCBjb21wdXRpbmcgQSBWTElXIEFwcHJvYWNoIHRvIEFyY2hpdGVjdHVyZSwucGRm0hcLGBlXTlMuZGF0YU8RApIAAAAAApIAAgAADE1hY2ludG9zaCBIRAAAAAAAAAAAAAAAAAAAAMq5U3RIKwAABGugeB9Kb3NlcGggQS4gRmlzaGVyIEVtIzNBOUQ0QTgucGRmAAAAAAAAAAAAAAAAAAAAAAAAAAAAAAAAAAAAAAAAAAADqdSozbAxyQAAAAAAAAAAAAEAAwAACSAAAAAAAAAAAAAAAAAAAAAJRG93bmxvYWRzAAAQAAgAAMq5N1QAAAARAAgAAM2wFakAAAABABgEa6B4BGugOwOTLoAABR7+AAUe/QAAwCMAAgBsTWFjaW50b3NoIEhEOlVzZXJzOgBtYXVyaWNlZGF2ZXJ2ZWxkdDoARG9jdW1lbnRzOgBUaGVzaXM6AFRoZXNpczoARG93bmxvYWRzOgBKb3NlcGggQS4gRmlzaGVyIEVtIzNBOUQ0QTgucGRmAA4AkgBIAEoAbwBzAGUAcABoACAAQQAuACAARgBpAHMAaABlAHIAIABFAG0AYgBlAGQAZABlAGQAIABjAG8AbQBwAHUAdABpAG4AZwAgAEEAIABWAEwASQBXACAAQQBwAHAAcgBvAGEAYwBoACAAdABvACAAQQByAGMAaABpAHQAZQBjAHQAdQByAGUALAAuAHAAZABmAA8AGgAMAE0AYQBjAGkAbgB0AG8AcwBoACAASABEABIAglVzZXJzL21hdXJpY2VkYXZlcnZlbGR0L0RvY3VtZW50cy9UaGVzaXMvVGhlc2lzL0Rvd25sb2Fkcy9Kb3NlcGggQS4gRmlzaGVyIEVtYmVkZGVkIGNvbXB1dGluZyBBIFZMSVcgQXBwcm9hY2ggdG8gQXJjaGl0ZWN0dXJlLC5wZGYAEwABLwAAFQACABj//wAAgAbSGxwdHlokY2xhc3NuYW1lWCRjbGFzc2VzXU5TTXV0YWJsZURhdGGjHR8gVk5TRGF0YVhOU09iamVjdNIbHCIjXE5TRGljdGlvbmFyeaIiIF8QD05TS2V5ZWRBcmNoaXZlctEmJ1Ryb290gAEACAARABoAIwAtADIANwBAAEYATQBVAGAAZwBqAGwAbgBxAHMAdQB3AIQAjgDtAPIA+gOQA5IDlwOiA6sDuQO9A8QDzQPSA98D4gP0A/cD/AAAAAAAAAIBAAAAAAAAACgAAAAAAAAAAAAAAAAAAAP+}}

@mastersthesis{As:2008rt,
	Address = {Mekelweg 4, 2628 CD, Delft, The Netherlands},
	Author = {Thijs van As},
	Date-Added = {2013-11-27 16:21:23 +0000},
	Date-Modified = {2013-11-27 16:22:14 +0000},
	Publisher = {TU Delft},
	School = {Technical university Delft},
	Title = {ρ-VEX: A Reconfigurable and Extensible VLIW Processor},
	Year = {2008},
	Bdsk-File-1 = {YnBsaXN0MDDUAQIDBAUGJCVYJHZlcnNpb25YJG9iamVjdHNZJGFyY2hpdmVyVCR0b3ASAAGGoKgHCBMUFRYaIVUkbnVsbNMJCgsMDxJXTlMua2V5c1pOUy5vYmplY3RzViRjbGFzc6INDoACgAOiEBGABIAFgAdccmVsYXRpdmVQYXRoWWFsaWFzRGF0YW8QTwAuAC4ALwBUAGgAZQBzAGkAcwAvAEQAbwB3AG4AbABvAGEAZABzAC8AQQBzACADwQAtAFYARQBYACAAQQAgAFIAZQBjAG8AbgBmAGkAZwB1AHIAYQBiAGwAZQAgAGEAbgBkACAARQB4AHQAZQBuAHMAaQBiAGwAZQAgAFYATABJAFcAIABQAHIAbwBjAGUAcwBzAG8AcgAuAHAAZABm0hcLGBlXTlMuZGF0YU8RAlwAAAAAAlwAAgAADE1hY2ludG9zaCBIRAAAAAAAAAAAAAAAAAAAAMq5U3RIKwAABGugeA9BcyAjMzkzMkU4OS5wZGYAAAAAAAAAAAAAAAAAAAAAAAAAAAAAAAAAAAAAAAAAAAAAAAAAAAAAAAAAAAAAAAADky6JzZ7QZQAAAAAAAAAAAAEAAwAACSAAAAAAAAAAAAAAAAAAAAAJRG93bmxvYWRzAAAQAAgAAMq5N1QAAAARAAgAAM2etEUAAAABABgEa6B4BGugOwOTLoAABR7+AAUe/QAAwCMAAgBcTWFjaW50b3NoIEhEOlVzZXJzOgBtYXVyaWNlZGF2ZXJ2ZWxkdDoARG9jdW1lbnRzOgBUaGVzaXM6AFRoZXNpczoARG93bmxvYWRzOgBBcyAjMzkzMkU4OS5wZGYADgB4ADsAQQBzACADwQAtAFYARQBYACAAQQAgAFIAZQBjAG8AbgBmAGkAZwB1AHIAYQBiAGwAZQAgAGEAbgBkACAARQB4AHQAZQBuAHMAaQBiAGwAZQAgAFYATABJAFcAIABQAHIAbwBjAGUAcwBzAG8AcgAuAHAAZABmAA8AGgAMAE0AYQBjAGkAbgB0AG8AcwBoACAASABEABIAdlVzZXJzL21hdXJpY2VkYXZlcnZlbGR0L0RvY3VtZW50cy9UaGVzaXMvVGhlc2lzL0Rvd25sb2Fkcy9BcyDPgS1WRVggQSBSZWNvbmZpZ3VyYWJsZSBhbmQgRXh0ZW5zaWJsZSBWTElXIFByb2Nlc3Nvci5wZGYAEwABLwAAFQACABj//wAAgAbSGxwdHlokY2xhc3NuYW1lWCRjbGFzc2VzXU5TTXV0YWJsZURhdGGjHR8gVk5TRGF0YVhOU09iamVjdNIbHCIjXE5TRGljdGlvbmFyeaIiIF8QD05TS2V5ZWRBcmNoaXZlctEmJ1Ryb290gAEACAARABoAIwAtADIANwBAAEYATQBVAGAAZwBqAGwAbgBxAHMAdQB3AIQAjgEvATQBPAOcA54DowOuA7cDxQPJA9AD2QPeA+sD7gQABAMECAAAAAAAAAIBAAAAAAAAACgAAAAAAAAAAAAAAAAAAAQK}}
